@String{pub-AW = "Ad{\-d}i{\-s}on-Wes{\-l}ey"}
@String{pub-AW:adr = "Reading, MA, USA"}

@article{taboada.2011.lexicon,
  title={Lexicon-based Methods for Sentiment Analysis},
  author={Taboada, Maite and Brooke, Julian and Tofiloski, Milan and Voll, Kimberly and Stede, Manfred},
  journal={Computational Linguistics},
  volume={37},
  number={2},
  pages={267--307},
  year={2011},
  publisher={MIT Press}
}

@article{pang.2002.ml,
  title={Thumbs Up?: Sentiment Classification Using Machine Learning Techniques},
  author={Pang, Bo and Lee, Lillian and Vaithyanathan, Shivakumar},
  journal={In Proceedings of Conference on Empirical Methods in Natural Language Processing (EMNLP)},
  pages={79--86},
  year={2002}
}

@article{turney.2002.thumbs,
  title={Thumbs Up or Thumbs Down?: Semantic Orientation Applied to Unsupervised Classification of Reviews},
  author={Turney, Peter D},
  journal={In Proceedings of the 40th Annual Meeting on Association for Computational Linguistics (ACL)},
  pages={417--424},
  year={2002}
}

@article{kim.2014.convolutional,
  title={Convolutional Neural Networks Nor Sentence Classification},
  author={Kim, Yoon},
  journal={arXiv preprint arXiv:1408.5882},
  year={2014}
}
S
@article{socher.2013.recursive,
  title={Recursive Deep Models for Semantic Compositionality over a Sentiment Treebank},
  author={Socher, Richard and Perelygin, Alex and Wu, Jean Y and Chuang, Jason and Manning, Christopher D and Ng, Andrew Y and Potts, Christopher and others},
  journal={In Proceedings of Conference on Empirical Methods in Natural Language Processing (EMNLP)},
  volume={1631},
  pages={1642},
  year={2013}
}

@article{sundermeyer2012lstm,
  title={LSTM Neural Networks for Language Modeling.},
  author={Sundermeyer, Martin and Schl{\"u}ter, Ralf and Ney, Hermann},
  journal={Interspeech},
  pages={194--197},
  year={2012}
}

@article{tang2015document,
  title={Document Modeling with Gated Recurrent Neural Network for Sentiment Classification},
  author={Tang, Duyu and Qin, Bing and Liu, Ting},
  journal={In Proceedings of Conference on Empirical Methods in Natural Language Processing (EMNLP)},
  pages={1422--1432},
  year={2015}
}

@article{drake2008sentiment,
  title={Sentiment Regression: Using Real-valued Scores to Summarize Overall Document Sentiment},
  author={Drake, Adam and Ringger, Eric and Ventura, Dan},
  journal={Semantic Computing, 2008 IEEE International Conference on.},
  pages={152--157},
  year={2008}
}
